@online{introML,
  title = {Cos'è il machine learning?},
  url = {https://www.oracle.com/it/artificial-intelligence/what-is-machine-learning.html}
  }

@online{introAI,
  title = {Cos'è l'intelligenza artificiale?},
  url = {https://www.oracle.com/it/artificial-intelligence/what-is-artificial-intelligence.html}
  }

@online{preprocessing,
  title = {Preprocessing dei dati},
  url = {https://www.emmecilab.net/preprocessing-dei-dati/}
  }

@online{wikiML,
  title = {Machine Learning - Wikipedia},
  url={https://en.wikipedia.org/wiki/Machine_learning}
}

@book{pythonfordataanalysis,
  title={Python for Data Analysis: Data Wrangling with Pandas, NumPy, and IPython},
  author={Wes McKinney},
  year={2012},
  publisher={O'Reilly Media}
}

@book{haykin,
  title={Neural Networks and Learning Machines},
  author = {Simon Haykin},
  year = {2016},
  publisher={Pearson}
}

@online{MediumNN,
  title = {Neural Networks introduction},
  url={https://medium.com/technologymadeeasy/for-dummies-the-introduction-to-neural-networks-we-all-need-c50f6012d5eb}
  }

@online{MediumCNN,
  title = {CNN Explained},
  url = {https://medium.com/technologymadeeasy/the-best-explanation-of-convolutional-neural-networks-on-the-internet-fbb8b1ad5df8}
  }
 
@online{underfitoverfit,
  title = {Underfitting and overfitting in Machine Learning},
  url={https://www.geeksforgeeks.org/underfitting-and-overfitting-in-machine-learning/}
  }
  
@online{violajones,
  title = {Understanding and implementing Viola-Jones},
  url = {https://medium.com/datadriveninvestor/understanding-and-implementing-the-viola-jones-image-classification-algorithm-85621f7fe20b}
  }
  
@online{violapaper,
  title = {Viola-Jones paper},
  url = {http://www.vision.caltech.edu/html-files/EE148-2005-Spring/pprs/viola04ijcv.pdf}
  }
  
@online{haarcascades,
  title = {How do Haar Cascades work?},
  url = {https://www.quora.com/How-do-Haar-cascades-work}
  }

@online{biometria,
  title = {Riconoscimento dell'iride in condizioni critiche},
  url = {http://mondodigitale.aicanet.net/2014-5/articoli/08_Riconoscimento_dell_iride_in_condizioni_critiche.pdf} }